@book{dHaeseleer91,
  author    = {D'haeseleer, W.D. and Hitchon, W.N.G. and Callen, J.D. and Shohet, J.L.},
  title     = {Flux Coordinates and Magnetic Field Structure. A Guide to a Fundamental Tool of Plasma Theory},
  publisher = {Springer-Verlag},
  series    = {Springer Series in Computational Physics},
  year      = {1991}
}
@article{Sauter13,
  title = {Tokamak coordinate conventions: COCOS},
  journal = {Computer Physics Communications},
  volume = {184},
  number = {2},
  pages = {293 - 302},
  year = {2013},
  issn = {0010-4655},
  doi = {https://doi.org/10.1016/j.cpc.2012.09.010},
  url = {http://www.sciencedirect.com/science/article/pii/S0010465512002962},
  author = {Sauter, O. and Medvedev, S.Yu.},
  keywords = {Tokamak, Stellarator, Code benchmark, Equilibrium, Magnetic coordinates, Maxwell equations, Standard}
}
@unpublished{Biro15,
  author = {Bíró, Oszkár},
  title  = {Variations- und Residuenmethoden in der Elektrotechnik},
  note   = {Lecture Notes at the Graz University of Technology},
  year   = {2015}
}
@unpublished{Albert19,
  author = {Albert, Christopher G. and Bíró, Oszkár},
  title = {2D Fourier finite element formulation of magnetostatics in curvilinear coordinates},
  year = {2019}
}
@book{Jin02,
  author    = {Jin, Jianming},
  title     = {The Finite Element Method in Electromagnetics},
  edition   = {Second Edition},
  publisher = {John Wiley \& Sons, Inc.},
  year      = {2002}
}
@article{Hecht12,
  author   = {Hecht, F.},
  title    = {New development in FreeFem++},
  journal  = {J. Numer. Math.},
  fjournal = {Journal of Numerical Mathematics},
  volume   = {20},
  year     = {2012},
  number   = {3-4},
  pages    = {251--265},
  issn     = {1570-2820},
  mrclass  = {65Y15},
  mrnumber = {3043640}
}
@online{Lao97,
  author = {Lao},
  title  = {G EQDSK FORMAT},
  year   = {1997},
  month  = {02},
  url    = {https://w3.pppl.gov/ntcc/TORAY/G_EQDSK.pdf}
}